<record xmlns="http://www.loc.gov/MARC21/slim">
   <leader>02929cam a2200505 i 45 0</leader>
   <controlfield tag="001">6805555</controlfield>
   <controlfield tag="003">OCoLC</controlfield>
   <controlfield tag="005">20150217141658.0</controlfield>
   <controlfield tag="006">m     o  d        </controlfield>
   <controlfield tag="007">cr cnu---unuuu</controlfield>
   <controlfield tag="008">150213s2015    nyu     ob    001 0 eng d</controlfield>
   <datafield ind1=" " ind2=" " tag="020">
      <subfield code="a">9781139696685</subfield>
      <subfield code="q">electronic bk.</subfield>
   </datafield>
   <datafield ind1=" " ind2=" " tag="020">
      <subfield code="a">1139696688</subfield>
      <subfield code="q">electronic bk.</subfield>
   </datafield>
   <datafield ind1=" " ind2=" " tag="020">
      <subfield code="z">9781107074408</subfield>
   </datafield>
   <datafield ind1=" " ind2=" " tag="020">
      <subfield code="z">1107074401</subfield>
   </datafield>
   <datafield ind1=" " ind2=" " tag="035">
      <subfield code="a">ocn903391276</subfield>
   </datafield>
   <datafield ind1=" " ind2=" " tag="039">
      <subfield code="a">exclude</subfield>
   </datafield>
   <datafield ind1=" " ind2=" " tag="040">
      <subfield code="a">CAMBR</subfield>
      <subfield code="b">eng</subfield>
      <subfield code="e">rda</subfield>
      <subfield code="e">pn</subfield>
      <subfield code="c">CAMBR</subfield>
      <subfield code="d">AEU</subfield>
   </datafield>
   <datafield ind1=" " ind2=" " tag="043">
      <subfield code="a">e-fr---</subfield>
   </datafield>
   <datafield ind1=" " ind2="4" tag="050">
      <subfield code="a">BF1582</subfield>
      <subfield code="b">.K73 2015eb</subfield>
   </datafield>
   <datafield ind1="0" ind2="4" tag="082">
      <subfield code="a">133.40944</subfield>
      <subfield code="2">23</subfield>
   </datafield>
   <datafield ind1=" " ind2=" " tag="084">
      <subfield code="a">HIS010000</subfield>
      <subfield code="2">bisacsh</subfield>
   </datafield>
   <datafield ind1=" " ind2=" " tag="090">
      <subfield code="a">Internet Access</subfield>
      <subfield code="b">AEU</subfield>
   </datafield>
   <datafield ind1="1" ind2=" " tag="100">
      <subfield code="a">Krause, Virginia,</subfield>
      <subfield code="d">1968-</subfield>
      <subfield code="e">author.</subfield>
   </datafield>
   <datafield ind1="1" ind2="0" tag="245">
      <subfield code="a">Witchcraft, demonology, and confession in early modern France /</subfield>
      <subfield code="c">Virginia Krause.</subfield>
   </datafield>
   <datafield ind1=" " ind2="1" tag="264">
      <subfield code="a">New York, NY :</subfield>
      <subfield code="b">Cambridge University Press,</subfield>
      <subfield code="c">2015.</subfield>
   </datafield>
   <datafield ind1=" " ind2=" " tag="300">
      <subfield code="a">1 online resource.</subfield>
   </datafield>
   <datafield ind1=" " ind2=" " tag="336">
      <subfield code="a">text</subfield>
      <subfield code="b">txt</subfield>
      <subfield code="2">rdacontent</subfield>
   </datafield>
   <datafield ind1=" " ind2=" " tag="337">
      <subfield code="a">computer</subfield>
      <subfield code="b">c</subfield>
      <subfield code="2">rdamedia</subfield>
   </datafield>
   <datafield ind1=" " ind2=" " tag="338">
      <subfield code="a">online resource</subfield>
      <subfield code="b">cr</subfield>
      <subfield code="2">rdacarrier</subfield>
   </datafield>
   <datafield ind1=" " ind2=" " tag="504">
      <subfield code="a">Includes bibliographical references and index.</subfield>
   </datafield>
   <datafield ind1=" " ind2=" " tag="506">
      <subfield code="a">Access restricted to authorized users and institutions.</subfield>
   </datafield>
   <datafield ind1=" " ind2=" " tag="520">
      <subfield code="a">"Denounced by neighbors and scrutinized by demonologists, the early modern French witch also confessed, self-identified as a witch and as the author of horrific deeds. What led her to this point? Despair, solitude, perhaps even physical pain, but most decisively, demonology's two-pronged prosecutorial and truth-seeking confessional apparatus. This book examines the systematic and well-oiled machinery that served to extract, interpret, and disseminate witches' confessions in early modern France. For the demonologist, confession was the only way to find out the truth about the clandestine activities of witches. For the witch, however, trial confessions opened new horizons of selfhood. In this book, Virginia Krause unravels the threads that wove together the demonologist's will to know and the witch's subjectivity. By examining textual and visual evidence, Krause shows how confession not only generated demonological theory but also brought forth a specific kind of self, which we now recognize as the modern subject"--</subfield>
      <subfield code="c">Provided by publisher.</subfield>
   </datafield>
   <datafield ind1="0" ind2=" " tag="588">
      <subfield code="a">Print version record.</subfield>
   </datafield>
   <datafield ind1=" " ind2=" " tag="596">
      <subfield code="a">44</subfield>
   </datafield>
   <datafield ind1=" " ind2="0" tag="650">
      <subfield code="a">Witchcraft</subfield>
      <subfield code="z">France</subfield>
      <subfield code="x">History</subfield>
      <subfield code="y">16th century.</subfield>
   </datafield>
   <datafield ind1=" " ind2="0" tag="650">
      <subfield code="a">Witchcraft</subfield>
      <subfield code="z">France</subfield>
      <subfield code="x">History</subfield>
      <subfield code="y">17th century.</subfield>
   </datafield>
   <datafield ind1=" " ind2="0" tag="650">
      <subfield code="a">Demonology</subfield>
      <subfield code="z">France</subfield>
      <subfield code="x">History</subfield>
      <subfield code="y">16th century.</subfield>
   </datafield>
   <datafield ind1=" " ind2="0" tag="650">
      <subfield code="a">Demonology</subfield>
      <subfield code="z">France</subfield>
      <subfield code="x">History</subfield>
      <subfield code="y">17th century.</subfield>
   </datafield>
   <datafield ind1=" " ind2="0" tag="650">
      <subfield code="a">Trials (Witchcraft)</subfield>
      <subfield code="z">France</subfield>
      <subfield code="x">History</subfield>
      <subfield code="y">16th century.</subfield>
   </datafield>
   <datafield ind1=" " ind2="0" tag="650">
      <subfield code="a">Trials (Witchcraft)</subfield>
      <subfield code="z">France</subfield>
      <subfield code="x">History</subfield>
      <subfield code="y">17th century.</subfield>
   </datafield>
   <datafield ind1=" " ind2="0" tag="650">
      <subfield code="a">Confession</subfield>
      <subfield code="x">History</subfield>
      <subfield code="y">16th century.</subfield>
   </datafield>
   <datafield ind1=" " ind2="0" tag="650">
      <subfield code="a">Confession</subfield>
      <subfield code="x">History</subfield>
      <subfield code="y">17th century.</subfield>
   </datafield>
   <datafield ind1="4" ind2="0" tag="856">
      <subfield code="3">University of Alberta Access</subfield>
      <subfield code="u">http://dx.doi.org/10.1017/CBO9781139696685</subfield>
   </datafield>
   <datafield ind1=" " ind2=" " tag="926">
      <subfield code="a">Internet Access</subfield>
      <subfield code="w">LC</subfield>
      <subfield code="c">1</subfield>
      <subfield code="i">6805555-1001</subfield>
      <subfield code="l">INTERNET</subfield>
      <subfield code="m">UAINTERNET</subfield>
      <subfield code="r">Y</subfield>
      <subfield code="s">Y</subfield>
      <subfield code="t">E-RESOURCE</subfield>
      <subfield code="u">2/17/2015</subfield>
      <subfield code="x">E-BOOK</subfield>
      <subfield code="z">CBO</subfield>
   </datafield>
</record>
